@article{cnn14,
  author    = {Yoon Kim},
  title     = {Convolutional Neural Networks for Sentence Classification},
  journal   = {CoRR},
  volume    = {abs/1408.5882},
  year      = {2014},
  url       = {http://arxiv.org/abs/1408.5882},
  timestamp = {Fri, 12 Sep 2014 12:44:21 +0200},
  biburl    = {http://dblp.uni-trier.de/rec/bib/journals/corr/Kim14f},
  bibsource = {dblp computer science bibliography, http://dblp.org}
}

@inproceedings{glove,
  author = {Jeffrey Pennington and Richard Socher and Christopher D. Manning},
  booktitle = {Empirical Methods in Natural Language Processing (EMNLP)},
  title = {GloVe: Global Vectors for Word Representation},
  year = {2014},
  pages = {1532--1543},
  url = {http://www.aclweb.org/anthology/D14-1162},
}

@ARTICLE{gradBoost,
    author = {Jerome H. Friedman},
    title = {Greedy Function Approximation: A Gradient Boosting Machine},
    journal = {Annals of Statistics},
    year = {2000},
    volume = {29},
    pages = {1189--1232}
}

@article{LDA,
 author = {Blei, David M. and Ng, Andrew Y. and Jordan, Michael I.},
 title = {Latent Dirichlet Allocation},
 journal = {J. Mach. Learn. Res.},
 issue_date = {3/1/2003},
 volume = {3},
 month = mar,
 year = {2003},
 issn = {1532-4435},
 pages = {993--1022},
 numpages = {30},
 url = {http://dl.acm.org/citation.cfm?id=944919.944937},
 acmid = {944937},
 publisher = {JMLR.org},
}

@misc{cnnImpl,
  author = {Denny Britz},
  title = {cnn-text-classification-tf},
  year = {2016},
  publisher = {GitHub},
  journal = {GitHub repository},
  howpublished = {\url{https://github.com/dennybritz/cnn-text-classification-tf}},
  note = {last accessed 2016-06-30}
}

@misc{cnnBlog,
    author = {Denny Britz},
    title = {Implementing A CNN For Text Classification In Tensorflow},
    howpublished = {\url{http://www.wildml.com/2015/12/implementing-a-cnn-for-text-classification-in-tensorflow/}},
    year = {2015},
    note = {last accessed 2016-06-30}
}

@article{word2vec,
  author    = {Quoc V. Le and
               Tomas Mikolov},
  title     = {Distributed Representations of Sentences and Documents},
  journal   = {CoRR},
  volume    = {abs/1405.4053},
  year      = {2014},
  url       = {http://arxiv.org/abs/1405.4053},
  timestamp = {Mon, 02 Jun 2014 08:30:36 +0200},
  biburl    = {http://dblp.uni-trier.de/rec/bib/journals/corr/LeM14},
  bibsource = {dblp computer science bibliography, http://dblp.org}
}
